<?xml version="1.0" encoding="UTF-8"?><record xmlns="http://www.loc.gov/MARC21/slim" xmlns:cinclude="http://apache.org/cocoon/include/1.0" xmlns:zs="http://www.loc.gov/zing/srw/">
  <leader>01964cz  a2200217n  4500</leader>
  <controlfield tag="001">no 95047592 </controlfield>
  <controlfield tag="003">DLC</controlfield>
  <controlfield tag="005">20030612063053.0</controlfield>
  <controlfield tag="008">951006n| acannaabn          |a ana     c</controlfield>
  <datafield tag="010" ind1=" " ind2=" ">
    <subfield code="a">no 95047592 </subfield>
  </datafield>
  <datafield tag="035" ind1=" " ind2=" ">
    <subfield code="a">(OCoLC)oca03933868</subfield>
  </datafield>
  <datafield tag="040" ind1=" " ind2=" ">
    <subfield code="a">DGPO</subfield>
    <subfield code="c">DGPO</subfield>
    <subfield code="d">DCS</subfield>
  </datafield>
  <datafield tag="110" ind1="1" ind2=" ">
    <subfield code="a">United States.</subfield>
    <subfield code="b">Congress.</subfield>
    <subfield code="b">Senate.</subfield>
    <subfield code="b">Committee on Environment and Public Works.</subfield>
    <subfield code="b">Subcommittee on Superfund, Waste Control, and Risk Assessment</subfield>
  </datafield>
  <datafield tag="410" ind1="1" ind2=" ">
    <subfield code="a">United States.</subfield>
    <subfield code="b">Congress.</subfield>
    <subfield code="b">Senate.</subfield>
    <subfield code="b">Subcommittee on Superfund, Waste Control, and Risk Assessment</subfield>
  </datafield>
  <datafield tag="510" ind1="1" ind2=" ">
    <subfield code="w">a</subfield>
    <subfield code="a">United States.</subfield>
    <subfield code="b">Congress.</subfield>
    <subfield code="b">Senate.</subfield>
    <subfield code="b">Committee on Environment and Public Works.</subfield>
    <subfield code="b">Subcommittee on Superfund, Recycling, and Solid Waste Management</subfield>
  </datafield>
  <datafield tag="510" ind1="1" ind2=" ">
    <subfield code="w">b</subfield>
    <subfield code="a">United States.</subfield>
    <subfield code="b">Congress.</subfield>
    <subfield code="b">Senate.</subfield>
    <subfield code="b">Committee on Environment and Public Works.</subfield>
    <subfield code="b">Subcommittee on Superfund, Toxics, Risk, and Waste Management</subfield>
  </datafield>
  <datafield tag="670" ind1=" " ind2=" ">
    <subfield code="a">Its Flow control and interstate transportation of solid waste, 1995:</subfield>
    <subfield code="b">t.p. (Subcommittee on Superfund, Waste Control, and Risk Assessment of the Committee on Environment and Public Works, United States Senate)</subfield>
  </datafield>
  <datafield tag="670" ind1=" " ind2=" ">
    <subfield code="a">Phone call to Committee, 10/6/95</subfield>
    <subfield code="b">(Subcommittee on Superfund, Recycling, and Solid Waste Management became Subcommittee on Superfund, Waste Control, and Risk Assessment, in 1995)</subfield>
  </datafield>
  <datafield tag="670" ind1=" " ind2=" ">
    <subfield code="a">U.S. Cong. Senate. Comm. on Environment and Public Works. Subcomm. on Superfund, Toxics, Risk, and Waste Management. Chemical Security Act, S. 1602, hearing ... 2003</subfield>
    <subfield code="b">(Subcommittee on Superfund, Toxics, Risk, and Waste Management of the Committee on Environment and Public Works, United States Senate)</subfield>
  </datafield>
  <datafield tag="670" ind1=" " ind2=" ">
    <subfield code="a">Official Cong. dir., 106th Cong., 1999-2000</subfield>
    <subfield code="b">(Committees of the Senate, Environment and Public Works [committee], Superfund, Waste Control, and Risk Assessment [subcommittee])</subfield>
  </datafield>
  <datafield tag="675" ind1=" " ind2=" ">
    <subfield code="a">Official Cong. dir., 107th Cong., 2001-2002 (Committees of the Senate, Environment and Public Works [committee], Superfund, Toxics, Risk, and Waste Management [subcommittee])</subfield>
  </datafield>
</record>